<?xml version="1.0" encoding="UTF-8"?><record xmlns="http://www.loc.gov/MARC21/slim" xmlns:cinclude="http://apache.org/cocoon/include/1.0" xmlns:zs="http://www.loc.gov/zing/srw/">
  <leader>00355nz  a2200121n  4500</leader>
  <controlfield tag="001">n  92051394 </controlfield>
  <controlfield tag="003">DLC</controlfield>
  <controlfield tag="005">19920512101517.3</controlfield>
  <controlfield tag="008">920512n| acannaab|          |n aaa |||  </controlfield>
  <datafield tag="010" ind1=" " ind2=" ">
    <subfield code="a">n  92051394 </subfield>
  </datafield>
  <datafield tag="040" ind1=" " ind2=" ">
    <subfield code="a">DLC</subfield>
    <subfield code="c">DLC</subfield>
  </datafield>
  <datafield tag="100" ind1="1" ind2="0">
    <subfield code="a">DeNeff, Wayne,</subfield>
    <subfield code="d">1924-</subfield>
  </datafield>
  <datafield tag="670" ind1=" " ind2=" ">
    <subfield code="a">Yost, F.H. Football for player and spectator, 1992:</subfield>
    <subfield code="b">CIP t.p. (Wayne DeNeff) data sheet (b. 1924)</subfield>
  </datafield>
</record>